%% This BibTeX bibliography file was created using BibDesk.
%% http://bibdesk.sourceforge.net/


%% Created for Simone Rossi at 2017-01-06 15:37:29 +0100


%% Saved with string encoding Unicode (UTF-8)



@article{05,
	Author = {Pedro F. Felzenszwalb and Ross B. Girshick and David McAllester and Deva Ramanan},
	Date-Added = {2017-01-06 14:32:39 +0000},
	Date-Modified = {2017-01-06 14:37:13 +0000},
	Journal = {IEEE transactions on pattern analysis and machine intelligence},
	Month = {September},
	Number = {9},
	Pages = {1627-1645},
	Title = {Object Detection with Discriminatively Trained Part-Based Models},
	Volume = {32},
	Year = {2010}}

@unpublished{04,
	Author = {Anelia Angelova and Alex Krizhevsky and Vincent Vanhoucke},
	Date-Added = {2017-01-06 14:29:21 +0000},
	Date-Modified = {2017-01-06 14:30:39 +0000},
	Note = {Paper from Google},
	Title = {Real-Time Pedestrian Detection With Deep Network Cascades}}

@article{03,
	Author = {Wanli Ouyang and Xingyu Zeng, and Xiaogang Wang},
	Date-Added = {2017-01-06 14:27:48 +0000},
	Date-Modified = {2017-01-06 14:36:25 +0000},
	Journal = {IEEE transactions on circuits and systems for video technology},
	Month = {November},
	Number = {11},
	Pages = {2123-2137},
	Title = {Partial Occlusion Handling in Pedestrian Detection With a Deep Model},
	Volume = {26},
	Year = {2016}}

@article{02,
	Author = {D. Tome and F. Monti and L. Baroffio},
	Date-Added = {2017-01-06 14:25:42 +0000},
	Date-Modified = {2017-01-06 14:27:10 +0000},
	Journal = {Elsevier Journal of Signal Processing: Image Communication},
	Title = {Deep convolutional neural networks for pedestrian detection},
	Year = {2016}}

@article{01,
	Author = {Navneet Dalal and Bill Triggs},
	Date-Added = {2017-01-06 13:51:40 +0000},
	Date-Modified = {2017-01-06 13:54:02 +0000},
	Journal = {Proceedings of the 2005 IEEE Computer Society Conference on Computer Vision and Pattern Recognition},
	Title = {Histograms of Oriented Gradients for Human Detection},
	Year = {2005}}
